@misc{ubuntu,
  title = {{Ubuntu}},
  howpublished = "\url{https://www.ubuntu.com/}",
  year = {2018}, 
  note = "[Online; accessed 16-December-2018]"
}

@misc{ROS,
  title = {{ROS}},
  howpublished = "\url{http://www.ros.org/}",
  year = {2018}, 
  note = "[Online; accessed 16-December-2018]"
}

@misc{ROS-kinetic,
  title = {{ROS kinetic}},
  howpublished = "\url{http://wiki.ros.org/kinetic/}",
  year = {2018}, 
  note = "[Online; accessed 16-December-2018]"
}

@misc{gazebo,
  title = {{Gazebo}},
  howpublished = "\url{http://gazebosim.org/}",
  year = {2018}, 
  note = "[Online; accessed 16-December-2018]"
}

@misc{docker,
  title = {{Docker}},
  howpublished = "\url{https://www.docker.com/}",
  year = {2018}, 
  note = "[Online; accessed 16-December-2018]"
}

@misc{ros-explorer,
  title = {{ros-explorer}},
  howpublished = "\url{https://github.com/atilaromero/ros-explorer}",
  year = {2018}, 
  note = "[Online; accessed 16-December-2018]"
}

